%YAML 1.1
%TAG !u! tag:unity3d.com,2011:
--- !u!1 &3616139834231140878
GameObject:
  m_ObjectHideFlags: 0
  m_CorrespondingSourceObject: {fileID: 0}
  m_PrefabInstance: {fileID: 0}
  m_PrefabAsset: {fileID: 0}
  serializedVersion: 6
  m_Component:
  - component: {fileID: 3616139834231140880}
  - component: {fileID: 3616139834231140879}
  m_Layer: 0
  m_Name: GameManager
  m_TagString: Untagged
  m_Icon: {fileID: 0}
  m_NavMeshLayer: 0
  m_StaticEditorFlags: 0
  m_IsActive: 1
--- !u!4 &3616139834231140880
Transform:
  m_ObjectHideFlags: 0
  m_CorrespondingSourceObject: {fileID: 0}
  m_PrefabInstance: {fileID: 0}
  m_PrefabAsset: {fileID: 0}
  m_GameObject: {fileID: 3616139834231140878}
  m_LocalRotation: {x: 0, y: 0, z: 0, w: 1}
  m_LocalPosition: {x: 27.428535, y: -326.46576, z: 341.44006}
  m_LocalScale: {x: 1, y: 1, z: 1}
  m_Children:
  - {fileID: 3616139835373245232}
  m_Father: {fileID: 0}
  m_RootOrder: 0
  m_LocalEulerAnglesHint: {x: 0, y: 0, z: 0}
--- !u!114 &3616139834231140879
MonoBehaviour:
  m_ObjectHideFlags: 0
  m_CorrespondingSourceObject: {fileID: 0}
  m_PrefabInstance: {fileID: 0}
  m_PrefabAsset: {fileID: 0}
  m_GameObject: {fileID: 3616139834231140878}
  m_Enabled: 1
  m_EditorHideFlags: 0
  m_Script: {fileID: 11500000, guid: b5e79220e98eda842831a84e357f9258, type: 3}
  m_Name: 
  m_EditorClassIdentifier: 
  maxHealth: 20
  currentHealth: 0
  healthText: {fileID: 0}
  alienAndy: {fileID: 0}
  invincibilityLength: 2
  playerRenderer1: {fileID: 0}
  playerRenderer2: {fileID: 0}
  playerRenderer3: {fileID: 0}
  playerRenderer4: {fileID: 0}
  flashLength: 0.1
  respawnLength: 2
  blackScreen: {fileID: 0}
  fadeSpeed: 2
  waitForFade: 1
--- !u!1 &3616139835373245230
GameObject:
  m_ObjectHideFlags: 0
  m_CorrespondingSourceObject: {fileID: 0}
  m_PrefabInstance: {fileID: 0}
  m_PrefabAsset: {fileID: 0}
  serializedVersion: 6
  m_Component:
  - component: {fileID: 3616139835373245232}
  - component: {fileID: 3616139835373245231}
  m_Layer: 0
  m_Name: ItemDatabase
  m_TagString: Untagged
  m_Icon: {fileID: 0}
  m_NavMeshLayer: 0
  m_StaticEditorFlags: 0
  m_IsActive: 1
--- !u!4 &3616139835373245232
Transform:
  m_ObjectHideFlags: 0
  m_CorrespondingSourceObject: {fileID: 0}
  m_PrefabInstance: {fileID: 0}
  m_PrefabAsset: {fileID: 0}
  m_GameObject: {fileID: 3616139835373245230}
  m_LocalRotation: {x: 0, y: 0, z: 0, w: 1}
  m_LocalPosition: {x: 0, y: 0, z: 0}
  m_LocalScale: {x: 1, y: 1, z: 1}
  m_Children: []
  m_Father: {fileID: 3616139834231140880}
  m_RootOrder: 0
  m_LocalEulerAnglesHint: {x: 0, y: 0, z: 0}
--- !u!114 &3616139835373245231
MonoBehaviour:
  m_ObjectHideFlags: 0
  m_CorrespondingSourceObject: {fileID: 0}
  m_PrefabInstance: {fileID: 0}
  m_PrefabAsset: {fileID: 0}
  m_GameObject: {fileID: 3616139835373245230}
  m_Enabled: 1
  m_EditorHideFlags: 0
  m_Script: {fileID: 11500000, guid: 2641140d27d98d74092c2e3f93b3527a, type: 3}
  m_Name: 
  m_EditorClassIdentifier: 
