%YAML 1.1
%TAG !u! tag:unity3d.com,2011:
--- !u!1 &3867758257025095908
GameObject:
  m_ObjectHideFlags: 0
  m_CorrespondingSourceObject: {fileID: 0}
  m_PrefabInstance: {fileID: 0}
  m_PrefabAsset: {fileID: 0}
  serializedVersion: 6
  m_Component:
  - component: {fileID: 3867758257025516804}
  - component: {fileID: 3867758257036083340}
  - component: {fileID: 3867758257032522380}
  - component: {fileID: 3867758255803107272}
  - component: {fileID: 3867758255803107253}
  - component: {fileID: -4866114628243661177}
  - component: {fileID: -7564325586689887587}
  m_Layer: 9
  m_Name: Enemy
  m_TagString: Enemy
  m_Icon: {fileID: 0}
  m_NavMeshLayer: 0
  m_StaticEditorFlags: 0
  m_IsActive: 1
--- !u!4 &3867758257025516804
Transform:
  m_ObjectHideFlags: 0
  m_CorrespondingSourceObject: {fileID: 0}
  m_PrefabInstance: {fileID: 0}
  m_PrefabAsset: {fileID: 0}
  m_GameObject: {fileID: 3867758257025095908}
  m_LocalRotation: {x: 0, y: 0, z: 0, w: 1}
  m_LocalPosition: {x: 3.0291, y: 3.4779, z: 0}
  m_LocalScale: {x: 3.512419, y: 3.5910935, z: 3.4994311}
  m_Children:
  - {fileID: 3867758257025516916}
  - {fileID: 3867758257025516810}
  - {fileID: 3867758257025516922}
  - {fileID: 3867758257025516920}
  - {fileID: 3867758257025516926}
  - {fileID: 3867758257025516924}
  - {fileID: 3867758257025516808}
  - {fileID: 3867758257025516814}
  - {fileID: 3867758257025516898}
  m_Father: {fileID: 0}
  m_RootOrder: 0
  m_LocalEulerAnglesHint: {x: 0, y: 0, z: 0}
--- !u!111 &3867758257036083340
Animation:
  m_ObjectHideFlags: 0
  m_CorrespondingSourceObject: {fileID: 0}
  m_PrefabInstance: {fileID: 0}
  m_PrefabAsset: {fileID: 0}
  m_GameObject: {fileID: 3867758257025095908}
  m_Enabled: 1
  serializedVersion: 3
  m_Animation: {fileID: 7400000, guid: 35b9df0d8ef0ab44abeb1b0a9e586310, type: 3}
  m_Animations:
  - {fileID: 7400002, guid: 35b9df0d8ef0ab44abeb1b0a9e586310, type: 3}
  - {fileID: 7400000, guid: 35b9df0d8ef0ab44abeb1b0a9e586310, type: 3}
  - {fileID: 7400004, guid: 35b9df0d8ef0ab44abeb1b0a9e586310, type: 3}
  m_WrapMode: 0
  m_PlayAutomatically: 1
  m_AnimatePhysics: 0
  m_CullingType: 0
--- !u!95 &3867758257032522380
Animator:
  serializedVersion: 3
  m_ObjectHideFlags: 0
  m_CorrespondingSourceObject: {fileID: 0}
  m_PrefabInstance: {fileID: 0}
  m_PrefabAsset: {fileID: 0}
  m_GameObject: {fileID: 3867758257025095908}
  m_Enabled: 0
  m_Avatar: {fileID: 9000000, guid: e1345f231bddd7a488397fb5ca71c0cb, type: 3}
  m_Controller: {fileID: 9100000, guid: 3c90d75d090136b429461873af7f9f1f, type: 2}
  m_CullingMode: 1
  m_UpdateMode: 0
  m_ApplyRootMotion: 1
  m_LinearVelocityBlending: 0
  m_WarningMessage: 
  m_HasTransformHierarchy: 1
  m_AllowConstantClipSamplingOptimization: 1
  m_KeepAnimatorControllerStateOnDisable: 0
--- !u!54 &3867758255803107272
Rigidbody:
  m_ObjectHideFlags: 0
  m_CorrespondingSourceObject: {fileID: 0}
  m_PrefabInstance: {fileID: 0}
  m_PrefabAsset: {fileID: 0}
  m_GameObject: {fileID: 3867758257025095908}
  serializedVersion: 2
  m_Mass: 1
  m_Drag: 0.5
  m_AngularDrag: 0.5
  m_UseGravity: 1
  m_IsKinematic: 0
  m_Interpolate: 0
  m_Constraints: 0
  m_CollisionDetection: 0
--- !u!23 &3867758255803107253
MeshRenderer:
  m_ObjectHideFlags: 0
  m_CorrespondingSourceObject: {fileID: 0}
  m_PrefabInstance: {fileID: 0}
  m_PrefabAsset: {fileID: 0}
  m_GameObject: {fileID: 3867758257025095908}
  m_Enabled: 1
  m_CastShadows: 1
  m_ReceiveShadows: 0
  m_DynamicOccludee: 1
  m_MotionVectors: 1
  m_LightProbeUsage: 1
  m_ReflectionProbeUsage: 1
  m_RenderingLayerMask: 1
  m_RendererPriority: 0
  m_Materials:
  - {fileID: 0}
  m_StaticBatchInfo:
    firstSubMesh: 0
    subMeshCount: 0
  m_StaticBatchRoot: {fileID: 0}
  m_ProbeAnchor: {fileID: 0}
  m_LightProbeVolumeOverride: {fileID: 0}
  m_ScaleInLightmap: 1
  m_PreserveUVs: 0
  m_IgnoreNormalsForChartDetection: 0
  m_ImportantGI: 0
  m_StitchLightmapSeams: 1
  m_SelectedEditorRenderState: 3
  m_MinimumChartSize: 4
  m_AutoUVMaxDistance: 0.5
  m_AutoUVMaxAngle: 89
  m_LightmapParameters: {fileID: 0}
  m_SortingLayerID: 0
  m_SortingLayer: 0
  m_SortingOrder: 0
--- !u!114 &-4866114628243661177
MonoBehaviour:
  m_ObjectHideFlags: 0
  m_CorrespondingSourceObject: {fileID: 0}
  m_PrefabInstance: {fileID: 0}
  m_PrefabAsset: {fileID: 0}
  m_GameObject: {fileID: 3867758257025095908}
  m_Enabled: 1
  m_EditorHideFlags: 0
  m_Script: {fileID: 11500000, guid: 9e0c8f7bc37fb08479ce74f3b7045cf7, type: 3}
  m_Name: 
  m_EditorClassIdentifier: 
  drop: {fileID: 2566388094387991159, guid: 38af18e960a73204fa030a138cd7eef8, type: 3}
  blood: {fileID: 175344237406594851, guid: f038c5404d7395641a3a5fcb7b1d70c7, type: 3}
  damage: 1
  enemyCategory: None
--- !u!136 &-7564325586689887587
CapsuleCollider:
  m_ObjectHideFlags: 0
  m_CorrespondingSourceObject: {fileID: 0}
  m_PrefabInstance: {fileID: 0}
  m_PrefabAsset: {fileID: 0}
  m_GameObject: {fileID: 3867758257025095908}
  m_Material: {fileID: 0}
  m_IsTrigger: 0
  m_Enabled: 1
  m_Radius: 0.12010505
  m_Height: 0.4370066
  m_Direction: 1
  m_Center: {x: 0, y: 0.2185033, z: 0}
--- !u!1 &3867758257025095912
GameObject:
  m_ObjectHideFlags: 0
  m_CorrespondingSourceObject: {fileID: 0}
  m_PrefabInstance: {fileID: 0}
  m_PrefabAsset: {fileID: 0}
  serializedVersion: 6
  m_Component:
  - component: {fileID: 3867758257025516808}
  - component: {fileID: 3867758257036596302}
  m_Layer: 9
  m_Name: NPC_Bag_006
  m_TagString: Untagged
  m_Icon: {fileID: 0}
  m_NavMeshLayer: 0
  m_StaticEditorFlags: 0
  m_IsActive: 1
--- !u!4 &3867758257025516808
Transform:
  m_ObjectHideFlags: 0
  m_CorrespondingSourceObject: {fileID: 0}
  m_PrefabInstance: {fileID: 0}
  m_PrefabAsset: {fileID: 0}
  m_GameObject: {fileID: 3867758257025095912}
  m_LocalRotation: {x: -0.744407, y: 0, z: 0, w: 0.66772616}
  m_LocalPosition: {x: 0, y: 0.5, z: 0}
  m_LocalScale: {x: 1, y: 0.99999994, z: 1}
  m_Children: []
  m_Father: {fileID: 3867758257025516804}
  m_RootOrder: 6
  m_LocalEulerAnglesHint: {x: 0, y: 0, z: 0}
--- !u!137 &3867758257036596302
SkinnedMeshRenderer:
  m_ObjectHideFlags: 0
  m_CorrespondingSourceObject: {fileID: 0}
  m_PrefabInstance: {fileID: 0}
  m_PrefabAsset: {fileID: 0}
  m_GameObject: {fileID: 3867758257025095912}
  m_Enabled: 1
  m_CastShadows: 1
  m_ReceiveShadows: 1
  m_DynamicOccludee: 1
  m_MotionVectors: 1
  m_LightProbeUsage: 0
  m_ReflectionProbeUsage: 1
  m_RenderingLayerMask: 1
  m_RendererPriority: 0
  m_Materials:
  - {fileID: 2100000, guid: 22a364e606e45354bb981ef2bf74a19c, type: 2}
  m_StaticBatchInfo:
    firstSubMesh: 0
    subMeshCount: 0
  m_StaticBatchRoot: {fileID: 0}
  m_ProbeAnchor: {fileID: 0}
  m_LightProbeVolumeOverride: {fileID: 0}
  m_ScaleInLightmap: 1
  m_PreserveUVs: 0
  m_IgnoreNormalsForChartDetection: 0
  m_ImportantGI: 0
  m_StitchLightmapSeams: 1
  m_SelectedEditorRenderState: 3
  m_MinimumChartSize: 4
  m_AutoUVMaxDistance: 0.5
  m_AutoUVMaxAngle: 89
  m_LightmapParameters: {fileID: 0}
  m_SortingLayerID: 0
  m_SortingLayer: 0
  m_SortingOrder: 0
  serializedVersion: 2
  m_Quality: 0
  m_UpdateWhenOffscreen: 0
  m_SkinnedMotionVectors: 1
  m_Mesh: {fileID: 4300008, guid: 1b7945602ded3ec43804b120aa9ed037, type: 3}
  m_Bones:
  - {fileID: 3867758257025516842}
  - {fileID: 3867758257025516848}
  - {fileID: 3867758257025516810}
  - {fileID: 3867758257025516850}
  - {fileID: 3867758257025516886}
  - {fileID: 3867758257025516836}
  - {fileID: 3867758257025516838}
  - {fileID: 3867758257025516892}
  m_BlendShapeWeights: []
  m_RootBone: {fileID: 3867758257025516810}
  m_AABB:
    m_Center: {x: -0.24343483, y: -0.13401431, z: 0.0043094456}
    m_Extent: {x: 0.22080742, y: 0.25989, z: 0.16961822}
  m_DirtyAABB: 0
--- !u!1 &3867758257025095914
GameObject:
  m_ObjectHideFlags: 0
  m_CorrespondingSourceObject: {fileID: 0}
  m_PrefabInstance: {fileID: 0}
  m_PrefabAsset: {fileID: 0}
  serializedVersion: 6
  m_Component:
  - component: {fileID: 3867758257025516810}
  m_Layer: 9
  m_Name: CATPelvis
  m_TagString: Untagged
  m_Icon: {fileID: 0}
  m_NavMeshLayer: 0
  m_StaticEditorFlags: 0
  m_IsActive: 1
--- !u!4 &3867758257025516810
Transform:
  m_ObjectHideFlags: 0
  m_CorrespondingSourceObject: {fileID: 0}
  m_PrefabInstance: {fileID: 0}
  m_PrefabAsset: {fileID: 0}
  m_GameObject: {fileID: 3867758257025095914}
  m_LocalRotation: {x: 0.5, y: -0.5, z: -0.50000006, w: 0.50000006}
  m_LocalPosition: {x: 1.4253037e-14, y: 0.27647597, z: -0.00000005748322}
  m_LocalScale: {x: 1, y: 1, z: 1}
  m_Children:
  - {fileID: 3867758257025516812}
  - {fileID: 3867758257025516850}
  - {fileID: 3867758257025516848}
  - {fileID: 3867758257025516896}
  m_Father: {fileID: 3867758257025516804}
  m_RootOrder: 1
  m_LocalEulerAnglesHint: {x: 0, y: 0, z: 0}
--- !u!1 &3867758257025095916
GameObject:
  m_ObjectHideFlags: 0
  m_CorrespondingSourceObject: {fileID: 0}
  m_PrefabInstance: {fileID: 0}
  m_PrefabAsset: {fileID: 0}
  serializedVersion: 6
  m_Component:
  - component: {fileID: 3867758257025516812}
  m_Layer: 9
  m_Name: CATLThigh
  m_TagString: Untagged
  m_Icon: {fileID: 0}
  m_NavMeshLayer: 0
  m_StaticEditorFlags: 0
  m_IsActive: 1
--- !u!4 &3867758257025516812
Transform:
  m_ObjectHideFlags: 0
  m_CorrespondingSourceObject: {fileID: 0}
  m_PrefabInstance: {fileID: 0}
  m_PrefabAsset: {fileID: 0}
  m_GameObject: {fileID: 3867758257025095916}
  m_LocalRotation: {x: -0.018065728, y: 0.99363124, z: 0.04511007, w: 0.10166478}
  m_LocalPosition: {x: 0.05381567, y: -0.000000017533422, z: 0.10501245}
  m_LocalScale: {x: 1, y: 1, z: 1.0000001}
  m_Children:
  - {fileID: 3867758257025516854}
  m_Father: {fileID: 3867758257025516810}
  m_RootOrder: 0
  m_LocalEulerAnglesHint: {x: 0, y: 0, z: 0}
--- !u!1 &3867758257025095918
GameObject:
  m_ObjectHideFlags: 0
  m_CorrespondingSourceObject: {fileID: 0}
  m_PrefabInstance: {fileID: 0}
  m_PrefabAsset: {fileID: 0}
  serializedVersion: 6
  m_Component:
  - component: {fileID: 3867758257025516814}
  - component: {fileID: 3867758257036596300}
  m_Layer: 9
  m_Name: NPC_Man_Normal001
  m_TagString: Untagged
  m_Icon: {fileID: 0}
  m_NavMeshLayer: 0
  m_StaticEditorFlags: 0
  m_IsActive: 1
--- !u!4 &3867758257025516814
Transform:
  m_ObjectHideFlags: 0
  m_CorrespondingSourceObject: {fileID: 0}
  m_PrefabInstance: {fileID: 0}
  m_PrefabAsset: {fileID: 0}
  m_GameObject: {fileID: 3867758257025095918}
  m_LocalRotation: {x: 0.000000021855694, y: 0, z: 0, w: 1}
  m_LocalPosition: {x: -0.000000003052692, y: 0.45537773, z: -0.021820744}
  m_LocalScale: {x: 1, y: 1, z: 1}
  m_Children: []
  m_Father: {fileID: 3867758257025516804}
  m_RootOrder: 7
  m_LocalEulerAnglesHint: {x: 0, y: 0, z: 0}
--- !u!137 &3867758257036596300
SkinnedMeshRenderer:
  m_ObjectHideFlags: 0
  m_CorrespondingSourceObject: {fileID: 0}
  m_PrefabInstance: {fileID: 0}
  m_PrefabAsset: {fileID: 0}
  m_GameObject: {fileID: 3867758257025095918}
  m_Enabled: 1
  m_CastShadows: 1
  m_ReceiveShadows: 1
  m_DynamicOccludee: 1
  m_MotionVectors: 1
  m_LightProbeUsage: 0
  m_ReflectionProbeUsage: 1
  m_RenderingLayerMask: 1
  m_RendererPriority: 0
  m_Materials:
  - {fileID: 2100000, guid: 1cbc94e1e3ae9ef49aabde64feb5b073, type: 2}
  m_StaticBatchInfo:
    firstSubMesh: 0
    subMeshCount: 0
  m_StaticBatchRoot: {fileID: 0}
  m_ProbeAnchor: {fileID: 0}
  m_LightProbeVolumeOverride: {fileID: 0}
  m_ScaleInLightmap: 1
  m_PreserveUVs: 0
  m_IgnoreNormalsForChartDetection: 0
  m_ImportantGI: 0
  m_StitchLightmapSeams: 1
  m_SelectedEditorRenderState: 3
  m_MinimumChartSize: 4
  m_AutoUVMaxDistance: 0.5
  m_AutoUVMaxAngle: 89
  m_LightmapParameters: {fileID: 0}
  m_SortingLayerID: 0
  m_SortingLayer: 0
  m_SortingOrder: 0
  serializedVersion: 2
  m_Quality: 0
  m_UpdateWhenOffscreen: 0
  m_SkinnedMotionVectors: 1
  m_Mesh: {fileID: 4300006, guid: 1b7945602ded3ec43804b120aa9ed037, type: 3}
  m_Bones:
  - {fileID: 3867758257025516886}
  - {fileID: 3867758257025516838}
  - {fileID: 3867758257025516836}
  - {fileID: 3867758257025516850}
  - {fileID: 3867758257025516810}
  - {fileID: 3867758257025516862}
  - {fileID: 3867758257025516834}
  - {fileID: 3867758257025516860}
  - {fileID: 3867758257025516832}
  - {fileID: 3867758257025516892}
  - {fileID: 3867758257025516846}
  - {fileID: 3867758257025516874}
  - {fileID: 3867758257025516868}
  - {fileID: 3867758257025516872}
  - {fileID: 3867758257025516878}
  - {fileID: 3867758257025516912}
  - {fileID: 3867758257025516914}
  - {fileID: 3867758257025516870}
  - {fileID: 3867758257025516848}
  - {fileID: 3867758257025516812}
  - {fileID: 3867758257025516854}
  - {fileID: 3867758257025516858}
  - {fileID: 3867758257025516852}
  - {fileID: 3867758257025516856}
  - {fileID: 3867758257025516882}
  - {fileID: 3867758257025516880}
  - {fileID: 3867758257025516888}
  - {fileID: 3867758257025516884}
  - {fileID: 3867758257025516890}
  - {fileID: 3867758257025516894}
  m_BlendShapeWeights: []
  m_RootBone: {fileID: 3867758257025516810}
  m_AABB:
    m_Center: {x: -0.20526487, y: 0.00493823, z: 0}
    m_Extent: {x: 0.50138503, y: 0.16686952, z: 0.6570966}
  m_DirtyAABB: 0
--- !u!1 &3867758257025095936
GameObject:
  m_ObjectHideFlags: 0
  m_CorrespondingSourceObject: {fileID: 0}
  m_PrefabInstance: {fileID: 0}
  m_PrefabAsset: {fileID: 0}
  serializedVersion: 6
  m_Component:
  - component: {fileID: 3867758257025516848}
  m_Layer: 9
  m_Name: CATSpine1
  m_TagString: Untagged
  m_Icon: {fileID: 0}
  m_NavMeshLayer: 0
  m_StaticEditorFlags: 0
  m_IsActive: 1
--- !u!4 &3867758257025516848
Transform:
  m_ObjectHideFlags: 0
  m_CorrespondingSourceObject: {fileID: 0}
  m_PrefabInstance: {fileID: 0}
  m_PrefabAsset: {fileID: 0}
  m_GameObject: {fileID: 3867758257025095936}
  m_LocalRotation: {x: -7.105422e-15, y: 2.5571742e-14, z: 7.1054274e-15, w: 1}
  m_LocalPosition: {x: -0.037385575, y: 0.0000000077250615, z: 7.455798e-16}
  m_LocalScale: {x: 1, y: 1, z: 1}
  m_Children:
  - {fileID: 3867758257025516838}
  m_Father: {fileID: 3867758257025516810}
  m_RootOrder: 2
  m_LocalEulerAnglesHint: {x: 0, y: 0, z: 0}
--- !u!1 &3867758257025095938
GameObject:
  m_ObjectHideFlags: 0
  m_CorrespondingSourceObject: {fileID: 0}
  m_PrefabInstance: {fileID: 0}
  m_PrefabAsset: {fileID: 0}
  serializedVersion: 6
  m_Component:
  - component: {fileID: 3867758257025516832}
  m_Layer: 9
  m_Name: CATRToe2
  m_TagString: Untagged
  m_Icon: {fileID: 0}
  m_NavMeshLayer: 0
  m_StaticEditorFlags: 0
  m_IsActive: 1
--- !u!4 &3867758257025516832
Transform:
  m_ObjectHideFlags: 0
  m_CorrespondingSourceObject: {fileID: 0}
  m_PrefabInstance: {fileID: 0}
  m_PrefabAsset: {fileID: 0}
  m_GameObject: {fileID: 3867758257025095938}
  m_LocalRotation: {x: 1.1553136e-29, y: 1.6259594e-15, z: -7.1054274e-15, w: 1}
  m_LocalPosition: {x: -0.022499999, y: 0, z: -0.000000009536743}
  m_LocalScale: {x: 1, y: 1, z: 1}
  m_Children: []
  m_Father: {fileID: 3867758257025516834}
  m_RootOrder: 0
  m_LocalEulerAnglesHint: {x: 0, y: 0, z: 0}
--- !u!1 &3867758257025095940
GameObject:
  m_ObjectHideFlags: 0
  m_CorrespondingSourceObject: {fileID: 0}
  m_PrefabInstance: {fileID: 0}
  m_PrefabAsset: {fileID: 0}
  serializedVersion: 6
  m_Component:
  - component: {fileID: 3867758257025516836}
  m_Layer: 9
  m_Name: CATSpine3
  m_TagString: Untagged
  m_Icon: {fileID: 0}
  m_NavMeshLayer: 0
  m_StaticEditorFlags: 0
  m_IsActive: 1
--- !u!4 &3867758257025516836
Transform:
  m_ObjectHideFlags: 0
  m_CorrespondingSourceObject: {fileID: 0}
  m_PrefabInstance: {fileID: 0}
  m_PrefabAsset: {fileID: 0}
  m_GameObject: {fileID: 3867758257025095940}
  m_LocalRotation: {x: 0, y: -3.2693236e-14, z: -0, w: 1}
  m_LocalPosition: {x: -0.11852554, y: -4.5474734e-15, z: -1.688157e-15}
  m_LocalScale: {x: 1, y: 1, z: 1}
  m_Children:
  - {fileID: 3867758257025516842}
  - {fileID: 3867758257025516840}
  - {fileID: 3867758257025516846}
  - {fileID: 3867758257025516844}
  m_Father: {fileID: 3867758257025516838}
  m_RootOrder: 0
  m_LocalEulerAnglesHint: {x: 0, y: 0, z: 0}
--- !u!1 &3867758257025095942
GameObject:
  m_ObjectHideFlags: 0
  m_CorrespondingSourceObject: {fileID: 0}
  m_PrefabInstance: {fileID: 0}
  m_PrefabAsset: {fileID: 0}
  serializedVersion: 6
  m_Component:
  - component: {fileID: 3867758257025516838}
  m_Layer: 9
  m_Name: CATSpine2
  m_TagString: Untagged
  m_Icon: {fileID: 0}
  m_NavMeshLayer: 0
  m_StaticEditorFlags: 0
  m_IsActive: 1
--- !u!4 &3867758257025516838
Transform:
  m_ObjectHideFlags: 0
  m_CorrespondingSourceObject: {fileID: 0}
  m_PrefabInstance: {fileID: 0}
  m_PrefabAsset: {fileID: 0}
  m_GameObject: {fileID: 3867758257025095942}
  m_LocalRotation: {x: 7.1054274e-15, y: -7.121491e-15, z: -7.1054274e-15, w: 1}
  m_LocalPosition: {x: -0.14499623, y: 0, z: -2.0651796e-15}
  m_LocalScale: {x: 1, y: 1, z: 1}
  m_Children:
  - {fileID: 3867758257025516836}
  m_Father: {fileID: 3867758257025516848}
  m_RootOrder: 0
  m_LocalEulerAnglesHint: {x: 0, y: 0, z: 0}
--- !u!1 &3867758257025095944
GameObject:
  m_ObjectHideFlags: 0
  m_CorrespondingSourceObject: {fileID: 0}
  m_PrefabInstance: {fileID: 0}
  m_PrefabAsset: {fileID: 0}
  serializedVersion: 6
  m_Component:
  - component: {fileID: 3867758257025516840}
  m_Layer: 9
  m_Name: CATLClavicle
  m_TagString: Untagged
  m_Icon: {fileID: 0}
  m_NavMeshLayer: 0
  m_StaticEditorFlags: 0
  m_IsActive: 1
--- !u!4 &3867758257025516840
Transform:
  m_ObjectHideFlags: 0
  m_CorrespondingSourceObject: {fileID: 0}
  m_PrefabInstance: {fileID: 0}
  m_PrefabAsset: {fileID: 0}
  m_GameObject: {fileID: 3867758257025095944}
  m_LocalRotation: {x: 0.052169457, y: 0.7051797, z: 0.052169457, w: 0.70517963}
  m_LocalPosition: {x: -0, y: 0, z: 0.052176174}
  m_LocalScale: {x: 1, y: 1, z: 1}
  m_Children:
  - {fileID: 3867758257025516882}
  m_Father: {fileID: 3867758257025516836}
  m_RootOrder: 1
  m_LocalEulerAnglesHint: {x: 0, y: 0, z: 0}
--- !u!1 &3867758257025095946
GameObject:
  m_ObjectHideFlags: 0
  m_CorrespondingSourceObject: {fileID: 0}
  m_PrefabInstance: {fileID: 0}
  m_PrefabAsset: {fileID: 0}
  serializedVersion: 6
  m_Component:
  - component: {fileID: 3867758257025516842}
  m_Layer: 9
  m_Name: Backet_Bone
  m_TagString: Untagged
  m_Icon: {fileID: 0}
  m_NavMeshLayer: 0
  m_StaticEditorFlags: 0
  m_IsActive: 1
--- !u!4 &3867758257025516842
Transform:
  m_ObjectHideFlags: 0
  m_CorrespondingSourceObject: {fileID: 0}
  m_PrefabInstance: {fileID: 0}
  m_PrefabAsset: {fileID: 0}
  m_GameObject: {fileID: 3867758257025095946}
  m_LocalRotation: {x: -8.981368e-21, y: -5.148539e-15, z: 0.00000006067547, w: 1}
  m_LocalPosition: {x: 0.06838997, y: -0.25794137, z: -0.0006362323}
  m_LocalScale: {x: 1.0483751, y: 1.0483747, z: 1.0483749}
  m_Children: []
  m_Father: {fileID: 3867758257025516836}
  m_RootOrder: 0
  m_LocalEulerAnglesHint: {x: 0, y: 0, z: 0}
--- !u!1 &3867758257025095948
GameObject:
  m_ObjectHideFlags: 0
  m_CorrespondingSourceObject: {fileID: 0}
  m_PrefabInstance: {fileID: 0}
  m_PrefabAsset: {fileID: 0}
  serializedVersion: 6
  m_Component:
  - component: {fileID: 3867758257025516880}
  m_Layer: 9
  m_Name: CATLForearm
  m_TagString: Untagged
  m_Icon: {fileID: 0}
  m_NavMeshLayer: 0
  m_StaticEditorFlags: 0
  m_IsActive: 1
--- !u!4 &3867758257025516880
Transform:
  m_ObjectHideFlags: 0
  m_CorrespondingSourceObject: {fileID: 0}
  m_PrefabInstance: {fileID: 0}
  m_PrefabAsset: {fileID: 0}
  m_GameObject: {fileID: 3867758257025095948}
  m_LocalRotation: {x: 0.0015235617, y: 0.009528559, z: 0.009854063, w: 0.99990493}
  m_LocalPosition: {x: -0.18256, y: 0.0000000011920929, z: -0.000000038146972}
  m_LocalScale: {x: 0.99999994, y: 1.0000001, z: 1}
  m_Children:
  - {fileID: 3867758257025516886}
  - {fileID: 3867758257025516900}
  m_Father: {fileID: 3867758257025516882}
  m_RootOrder: 0
  m_LocalEulerAnglesHint: {x: 0, y: 0, z: 0}
--- !u!1 &3867758257025095950
GameObject:
  m_ObjectHideFlags: 0
  m_CorrespondingSourceObject: {fileID: 0}
  m_PrefabInstance: {fileID: 0}
  m_PrefabAsset: {fileID: 0}
  serializedVersion: 6
  m_Component:
  - component: {fileID: 3867758257025516882}
  m_Layer: 9
  m_Name: CATLArm
  m_TagString: Untagged
  m_Icon: {fileID: 0}
  m_NavMeshLayer: 0
  m_StaticEditorFlags: 0
  m_IsActive: 1
--- !u!4 &3867758257025516882
Transform:
  m_ObjectHideFlags: 0
  m_CorrespondingSourceObject: {fileID: 0}
  m_PrefabInstance: {fileID: 0}
  m_PrefabAsset: {fileID: 0}
  m_GameObject: {fileID: 3867758257025095950}
  m_LocalRotation: {x: -0.0011057854, y: -0.0039025575, z: -0.074587956, w: 0.9972062}
  m_LocalPosition: {x: -0.08832425, y: -0.0000000017881393, z: 0}
  m_LocalScale: {x: 1, y: 1, z: 1}
  m_Children:
  - {fileID: 3867758257025516880}
  - {fileID: 3867758257025516902}
  m_Father: {fileID: 3867758257025516840}
  m_RootOrder: 0
  m_LocalEulerAnglesHint: {x: 0, y: 0, z: 0}
--- !u!1 &3867758257025095952
GameObject:
  m_ObjectHideFlags: 0
  m_CorrespondingSourceObject: {fileID: 0}
  m_PrefabInstance: {fileID: 0}
  m_PrefabAsset: {fileID: 0}
  serializedVersion: 6
  m_Component:
  - component: {fileID: 3867758257025516852}
  m_Layer: 9
  m_Name: CATLFoot
  m_TagString: Untagged
  m_Icon: {fileID: 0}
  m_NavMeshLayer: 0
  m_StaticEditorFlags: 0
  m_IsActive: 1
--- !u!4 &3867758257025516852
Transform:
  m_ObjectHideFlags: 0
  m_CorrespondingSourceObject: {fileID: 0}
  m_PrefabInstance: {fileID: 0}
  m_PrefabAsset: {fileID: 0}
  m_GameObject: {fileID: 3867758257025095952}
  m_LocalRotation: {x: -0.08874081, y: 0.027995626, z: -0.72383356, w: 0.6836712}
  m_LocalPosition: {x: -0.12241308, y: -0.000000028610229, z: 0.0000041294097}
  m_LocalScale: {x: 0.99999994, y: 1.000007, z: 0.99999374}
  m_Children:
  - {fileID: 3867758257025516858}
  m_Father: {fileID: 3867758257025516854}
  m_RootOrder: 0
  m_LocalEulerAnglesHint: {x: 0, y: 0, z: 0}
--- !u!1 &3867758257025095954
GameObject:
  m_ObjectHideFlags: 0
  m_CorrespondingSourceObject: {fileID: 0}
  m_PrefabInstance: {fileID: 0}
  m_PrefabAsset: {fileID: 0}
  serializedVersion: 6
  m_Component:
  - component: {fileID: 3867758257025516854}
  m_Layer: 9
  m_Name: CATLCalf
  m_TagString: Untagged
  m_Icon: {fileID: 0}
  m_NavMeshLayer: 0
  m_StaticEditorFlags: 0
  m_IsActive: 1
--- !u!4 &3867758257025516854
Transform:
  m_ObjectHideFlags: 0
  m_CorrespondingSourceObject: {fileID: 0}
  m_PrefabInstance: {fileID: 0}
  m_PrefabAsset: {fileID: 0}
  m_GameObject: {fileID: 3867758257025095954}
  m_LocalRotation: {x: 0.09437858, y: 0.018623292, z: 0.05142839, w: 0.9940327}
  m_LocalPosition: {x: -0.08648802, y: -0.0000000011920929, z: 0}
  m_LocalScale: {x: 1.0000014, y: 1.0000002, z: 0.9999989}
  m_Children:
  - {fileID: 3867758257025516852}
  m_Father: {fileID: 3867758257025516812}
  m_RootOrder: 0
  m_LocalEulerAnglesHint: {x: 0, y: 0, z: 0}
--- !u!1 &3867758257025095956
GameObject:
  m_ObjectHideFlags: 0
  m_CorrespondingSourceObject: {fileID: 0}
  m_PrefabInstance: {fileID: 0}
  m_PrefabAsset: {fileID: 0}
  serializedVersion: 6
  m_Component:
  - component: {fileID: 3867758257025516856}
  m_Layer: 9
  m_Name: CATRigLLegDigit12
  m_TagString: Untagged
  m_Icon: {fileID: 0}
  m_NavMeshLayer: 0
  m_StaticEditorFlags: 0
  m_IsActive: 1
--- !u!4 &3867758257025516856
Transform:
  m_ObjectHideFlags: 0
  m_CorrespondingSourceObject: {fileID: 0}
  m_PrefabInstance: {fileID: 0}
  m_PrefabAsset: {fileID: 0}
  m_GameObject: {fileID: 3867758257025095956}
  m_LocalRotation: {x: 1.1553136e-29, y: 1.6259594e-15, z: -7.1054274e-15, w: 1}
  m_LocalPosition: {x: -0.022499999, y: 0, z: -0.000000009536743}
  m_LocalScale: {x: 1, y: 1, z: 1}
  m_Children: []
  m_Father: {fileID: 3867758257025516858}
  m_RootOrder: 0
  m_LocalEulerAnglesHint: {x: 0, y: 0, z: 0}
--- !u!1 &3867758257025095958
GameObject:
  m_ObjectHideFlags: 0
  m_CorrespondingSourceObject: {fileID: 0}
  m_PrefabInstance: {fileID: 0}
  m_PrefabAsset: {fileID: 0}
  serializedVersion: 6
  m_Component:
  - component: {fileID: 3867758257025516858}
  m_Layer: 9
  m_Name: CATRigLLegDigit11
  m_TagString: Untagged
  m_Icon: {fileID: 0}
  m_NavMeshLayer: 0
  m_StaticEditorFlags: 0
  m_IsActive: 1
--- !u!4 &3867758257025516858
Transform:
  m_ObjectHideFlags: 0
  m_CorrespondingSourceObject: {fileID: 0}
  m_PrefabInstance: {fileID: 0}
  m_PrefabAsset: {fileID: 0}
  m_GameObject: {fileID: 3867758257025095958}
  m_LocalRotation: {x: -0.00000023501838, y: 0.00002637426, z: -0.0135640735, w: 0.99990803}
  m_LocalPosition: {x: -0.050501626, y: 0, z: 0}
  m_LocalScale: {x: 1, y: 1, z: 1}
  m_Children:
  - {fileID: 3867758257025516856}
  m_Father: {fileID: 3867758257025516852}
  m_RootOrder: 0
  m_LocalEulerAnglesHint: {x: 0, y: 0, z: 0}
--- !u!1 &3867758257025095960
GameObject:
  m_ObjectHideFlags: 0
  m_CorrespondingSourceObject: {fileID: 0}
  m_PrefabInstance: {fileID: 0}
  m_PrefabAsset: {fileID: 0}
  serializedVersion: 6
  m_Component:
  - component: {fileID: 3867758257025516862}
  m_Layer: 9
  m_Name: CATRCalf
  m_TagString: Untagged
  m_Icon: {fileID: 0}
  m_NavMeshLayer: 0
  m_StaticEditorFlags: 0
  m_IsActive: 1
--- !u!4 &3867758257025516862
Transform:
  m_ObjectHideFlags: 0
  m_CorrespondingSourceObject: {fileID: 0}
  m_PrefabInstance: {fileID: 0}
  m_PrefabAsset: {fileID: 0}
  m_GameObject: {fileID: 3867758257025095960}
  m_LocalRotation: {x: -0.093967035, y: -0.018654292, z: 0.051696934, w: 0.9940572}
  m_LocalPosition: {x: -0.08648798, y: -0.0000000011920929, z: 0}
  m_LocalScale: {x: 1.0000002, y: 1.0000002, z: 1}
  m_Children:
  - {fileID: 3867758257025516860}
  m_Father: {fileID: 3867758257025516850}
  m_RootOrder: 0
  m_LocalEulerAnglesHint: {x: 0, y: 0, z: 0}
--- !u!1 &3867758257025095962
GameObject:
  m_ObjectHideFlags: 0
  m_CorrespondingSourceObject: {fileID: 0}
  m_PrefabInstance: {fileID: 0}
  m_PrefabAsset: {fileID: 0}
  serializedVersion: 6
  m_Component:
  - component: {fileID: 3867758257025516850}
  m_Layer: 9
  m_Name: CATRThigh
  m_TagString: Untagged
  m_Icon: {fileID: 0}
  m_NavMeshLayer: 0
  m_StaticEditorFlags: 0
  m_IsActive: 1
--- !u!4 &3867758257025516850
Transform:
  m_ObjectHideFlags: 0
  m_CorrespondingSourceObject: {fileID: 0}
  m_PrefabInstance: {fileID: 0}
  m_PrefabAsset: {fileID: 0}
  m_GameObject: {fileID: 3867758257025095962}
  m_LocalRotation: {x: -0.018013421, y: 0.9936487, z: -0.04472798, w: -0.101671875}
  m_LocalPosition: {x: 0.05381567, y: -0.00000002987478, z: -0.1050124}
  m_LocalScale: {x: 1, y: 1, z: 1}
  m_Children:
  - {fileID: 3867758257025516862}
  m_Father: {fileID: 3867758257025516810}
  m_RootOrder: 1
  m_LocalEulerAnglesHint: {x: 0, y: 0, z: 0}
--- !u!1 &3867758257025095964
GameObject:
  m_ObjectHideFlags: 0
  m_CorrespondingSourceObject: {fileID: 0}
  m_PrefabInstance: {fileID: 0}
  m_PrefabAsset: {fileID: 0}
  serializedVersion: 6
  m_Component:
  - component: {fileID: 3867758257025516834}
  m_Layer: 9
  m_Name: CATRToe1
  m_TagString: Untagged
  m_Icon: {fileID: 0}
  m_NavMeshLayer: 0
  m_StaticEditorFlags: 0
  m_IsActive: 1
--- !u!4 &3867758257025516834
Transform:
  m_ObjectHideFlags: 0
  m_CorrespondingSourceObject: {fileID: 0}
  m_PrefabInstance: {fileID: 0}
  m_PrefabAsset: {fileID: 0}
  m_GameObject: {fileID: 3867758257025095964}
  m_LocalRotation: {x: 0.0000008045993, y: -0.00006697376, z: -0.013647867, w: 0.9999069}
  m_LocalPosition: {x: -0.05050164, y: 0, z: 0}
  m_LocalScale: {x: 1.0000001, y: 1.0000001, z: 1}
  m_Children:
  - {fileID: 3867758257025516832}
  m_Father: {fileID: 3867758257025516860}
  m_RootOrder: 0
  m_LocalEulerAnglesHint: {x: 0, y: 0, z: 0}
--- !u!1 &3867758257025095966
GameObject:
  m_ObjectHideFlags: 0
  m_CorrespondingSourceObject: {fileID: 0}
  m_PrefabInstance: {fileID: 0}
  m_PrefabAsset: {fileID: 0}
  serializedVersion: 6
  m_Component:
  - component: {fileID: 3867758257025516860}
  m_Layer: 9
  m_Name: CATRFoot
  m_TagString: Untagged
  m_Icon: {fileID: 0}
  m_NavMeshLayer: 0
  m_StaticEditorFlags: 0
  m_IsActive: 1
--- !u!4 &3867758257025516860
Transform:
  m_ObjectHideFlags: 0
  m_CorrespondingSourceObject: {fileID: 0}
  m_PrefabInstance: {fileID: 0}
  m_PrefabAsset: {fileID: 0}
  m_GameObject: {fileID: 3867758257025095966}
  m_LocalRotation: {x: 0.08869919, y: -0.027983319, z: -0.7239715, w: 0.6835311}
  m_LocalPosition: {x: -0.12241279, y: 0, z: 0}
  m_LocalScale: {x: 0.9999999, y: 0.99999976, z: 0.99999994}
  m_Children:
  - {fileID: 3867758257025516834}
  m_Father: {fileID: 3867758257025516862}
  m_RootOrder: 0
  m_LocalEulerAnglesHint: {x: 0, y: 0, z: 0}
--- !u!1 &3867758257025095968
GameObject:
  m_ObjectHideFlags: 0
  m_CorrespondingSourceObject: {fileID: 0}
  m_PrefabInstance: {fileID: 0}
  m_PrefabAsset: {fileID: 0}
  serializedVersion: 6
  m_Component:
  - component: {fileID: 3867758257025516844}
  m_Layer: 9
  m_Name: CATRClavicle
  m_TagString: Untagged
  m_Icon: {fileID: 0}
  m_NavMeshLayer: 0
  m_StaticEditorFlags: 0
  m_IsActive: 1
--- !u!4 &3867758257025516844
Transform:
  m_ObjectHideFlags: 0
  m_CorrespondingSourceObject: {fileID: 0}
  m_PrefabInstance: {fileID: 0}
  m_PrefabAsset: {fileID: 0}
  m_GameObject: {fileID: 3867758257025095968}
  m_LocalRotation: {x: -0.052169457, y: -0.7051797, z: 0.052169457, w: 0.70517963}
  m_LocalPosition: {x: -0, y: 0, z: -0.052176174}
  m_LocalScale: {x: 1, y: 1, z: 1}
  m_Children:
  - {fileID: 3867758257025516870}
  m_Father: {fileID: 3867758257025516836}
  m_RootOrder: 3
  m_LocalEulerAnglesHint: {x: 0, y: 0, z: 0}
--- !u!1 &3867758257025095970
GameObject:
  m_ObjectHideFlags: 0
  m_CorrespondingSourceObject: {fileID: 0}
  m_PrefabInstance: {fileID: 0}
  m_PrefabAsset: {fileID: 0}
  serializedVersion: 6
  m_Component:
  - component: {fileID: 3867758257025516864}
  - component: {fileID: 3867758257026319688}
  - component: {fileID: 3867758257027286920}
  m_Layer: 9
  m_Name: NPC_Beard_008
  m_TagString: Untagged
  m_Icon: {fileID: 0}
  m_NavMeshLayer: 0
  m_StaticEditorFlags: 0
  m_IsActive: 1
--- !u!4 &3867758257025516864
Transform:
  m_ObjectHideFlags: 0
  m_CorrespondingSourceObject: {fileID: 0}
  m_PrefabInstance: {fileID: 0}
  m_PrefabAsset: {fileID: 0}
  m_GameObject: {fileID: 3867758257025095970}
  m_LocalRotation: {x: 0.000000043711392, y: -0.000000043711395, z: -0.00000004371139,
    w: 1}
  m_LocalPosition: {x: -0, y: 0, z: 0}
  m_LocalScale: {x: 1, y: 1, z: 1}
  m_Children: []
  m_Father: {fileID: 3867758257025516866}
  m_RootOrder: 0
  m_LocalEulerAnglesHint: {x: 0, y: 0, z: 0}
--- !u!33 &3867758257026319688
MeshFilter:
  m_ObjectHideFlags: 0
  m_CorrespondingSourceObject: {fileID: 0}
  m_PrefabInstance: {fileID: 0}
  m_PrefabAsset: {fileID: 0}
  m_GameObject: {fileID: 3867758257025095970}
  m_Mesh: {fileID: 4300002, guid: 1b7945602ded3ec43804b120aa9ed037, type: 3}
--- !u!23 &3867758257027286920
MeshRenderer:
  m_ObjectHideFlags: 0
  m_CorrespondingSourceObject: {fileID: 0}
  m_PrefabInstance: {fileID: 0}
  m_PrefabAsset: {fileID: 0}
  m_GameObject: {fileID: 3867758257025095970}
  m_Enabled: 1
  m_CastShadows: 1
  m_ReceiveShadows: 1
  m_DynamicOccludee: 1
  m_MotionVectors: 1
  m_LightProbeUsage: 0
  m_ReflectionProbeUsage: 1
  m_RenderingLayerMask: 1
  m_RendererPriority: 0
  m_Materials:
  - {fileID: 2100000, guid: 1a34c8866473e084683a10fd69f98527, type: 2}
  m_StaticBatchInfo:
    firstSubMesh: 0
    subMeshCount: 0
  m_StaticBatchRoot: {fileID: 0}
  m_ProbeAnchor: {fileID: 0}
  m_LightProbeVolumeOverride: {fileID: 0}
  m_ScaleInLightmap: 1
  m_PreserveUVs: 0
  m_IgnoreNormalsForChartDetection: 0
  m_ImportantGI: 0
  m_StitchLightmapSeams: 1
  m_SelectedEditorRenderState: 3
  m_MinimumChartSize: 4
  m_AutoUVMaxDistance: 0.5
  m_AutoUVMaxAngle: 89
  m_LightmapParameters: {fileID: 0}
  m_SortingLayerID: 0
  m_SortingLayer: 0
  m_SortingOrder: 0
--- !u!1 &3867758257025095972
GameObject:
  m_ObjectHideFlags: 0
  m_CorrespondingSourceObject: {fileID: 0}
  m_PrefabInstance: {fileID: 0}
  m_PrefabAsset: {fileID: 0}
  serializedVersion: 6
  m_Component:
  - component: {fileID: 3867758257025516868}
  m_Layer: 9
  m_Name: CATRForearm
  m_TagString: Untagged
  m_Icon: {fileID: 0}
  m_NavMeshLayer: 0
  m_StaticEditorFlags: 0
  m_IsActive: 1
--- !u!4 &3867758257025516868
Transform:
  m_ObjectHideFlags: 0
  m_CorrespondingSourceObject: {fileID: 0}
  m_PrefabInstance: {fileID: 0}
  m_PrefabAsset: {fileID: 0}
  m_GameObject: {fileID: 3867758257025095972}
  m_LocalRotation: {x: -0.0015235617, y: -0.009528558, z: 0.009854063, w: 0.99990493}
  m_LocalPosition: {x: -0.18255997, y: 0, z: 0}
  m_LocalScale: {x: 0.99999994, y: 1.0000001, z: 1}
  m_Children:
  - {fileID: 3867758257025516874}
  - {fileID: 3867758257025516910}
  m_Father: {fileID: 3867758257025516870}
  m_RootOrder: 0
  m_LocalEulerAnglesHint: {x: 0, y: 0, z: 0}
--- !u!1 &3867758257025095974
GameObject:
  m_ObjectHideFlags: 0
  m_CorrespondingSourceObject: {fileID: 0}
  m_PrefabInstance: {fileID: 0}
  m_PrefabAsset: {fileID: 0}
  serializedVersion: 6
  m_Component:
  - component: {fileID: 3867758257025516870}
  m_Layer: 9
  m_Name: CATRArm
  m_TagString: Untagged
  m_Icon: {fileID: 0}
  m_NavMeshLayer: 0
  m_StaticEditorFlags: 0
  m_IsActive: 1
--- !u!4 &3867758257025516870
Transform:
  m_ObjectHideFlags: 0
  m_CorrespondingSourceObject: {fileID: 0}
  m_PrefabInstance: {fileID: 0}
  m_PrefabAsset: {fileID: 0}
  m_GameObject: {fileID: 3867758257025095974}
  m_LocalRotation: {x: 0.001105779, y: 0.00390247, z: -0.074587956, w: 0.9972062}
  m_LocalPosition: {x: -0.08832425, y: 0, z: 0}
  m_LocalScale: {x: 1, y: 1, z: 1}
  m_Children:
  - {fileID: 3867758257025516868}
  - {fileID: 3867758257025516904}
  m_Father: {fileID: 3867758257025516844}
  m_RootOrder: 0
  m_LocalEulerAnglesHint: {x: 0, y: 0, z: 0}
--- !u!1 &3867758257025095976
GameObject:
  m_ObjectHideFlags: 0
  m_CorrespondingSourceObject: {fileID: 0}
  m_PrefabInstance: {fileID: 0}
  m_PrefabAsset: {fileID: 0}
  serializedVersion: 6
  m_Component:
  - component: {fileID: 3867758257025516872}
  m_Layer: 9
  m_Name: CATRFingers1
  m_TagString: Untagged
  m_Icon: {fileID: 0}
  m_NavMeshLayer: 0
  m_StaticEditorFlags: 0
  m_IsActive: 1
--- !u!4 &3867758257025516872
Transform:
  m_ObjectHideFlags: 0
  m_CorrespondingSourceObject: {fileID: 0}
  m_PrefabInstance: {fileID: 0}
  m_PrefabAsset: {fileID: 0}
  m_GameObject: {fileID: 3867758257025095976}
  m_LocalRotation: {x: -0.00000006024493, y: 0.000000023614122, z: -0.0000000074505797,
    w: 1}
  m_LocalPosition: {x: -0.07036396, y: -0.0029349898, z: -0.00019634604}
  m_LocalScale: {x: 0.99999994, y: 0.99999994, z: 1.0000001}
  m_Children:
  - {fileID: 3867758257025516914}
  m_Father: {fileID: 3867758257025516874}
  m_RootOrder: 0
  m_LocalEulerAnglesHint: {x: 0, y: 0, z: 0}
--- !u!1 &3867758257025095978
GameObject:
  m_ObjectHideFlags: 0
  m_CorrespondingSourceObject: {fileID: 0}
  m_PrefabInstance: {fileID: 0}
  m_PrefabAsset: {fileID: 0}
  serializedVersion: 6
  m_Component:
  - component: {fileID: 3867758257025516874}
  m_Layer: 9
  m_Name: CATRHand
  m_TagString: Untagged
  m_Icon: {fileID: 0}
  m_NavMeshLayer: 0
  m_StaticEditorFlags: 0
  m_IsActive: 1
--- !u!4 &3867758257025516874
Transform:
  m_ObjectHideFlags: 0
  m_CorrespondingSourceObject: {fileID: 0}
  m_PrefabInstance: {fileID: 0}
  m_PrefabAsset: {fileID: 0}
  m_GameObject: {fileID: 3867758257025095978}
  m_LocalRotation: {x: -0.70719707, y: -0.0033390715, z: -0.01825973, w: 0.70677274}
  m_LocalPosition: {x: -0.15997232, y: -0.0000000011920929, z: 0}
  m_LocalScale: {x: 0.99999994, y: 1, z: 1.0000001}
  m_Children:
  - {fileID: 3867758257025516872}
  - {fileID: 3867758257025516878}
  - {fileID: 3867758257025516876}
  m_Father: {fileID: 3867758257025516868}
  m_RootOrder: 0
  m_LocalEulerAnglesHint: {x: 0, y: 0, z: 0}
--- !u!1 &3867758257025095980
GameObject:
  m_ObjectHideFlags: 0
  m_CorrespondingSourceObject: {fileID: 0}
  m_PrefabInstance: {fileID: 0}
  m_PrefabAsset: {fileID: 0}
  serializedVersion: 6
  m_Component:
  - component: {fileID: 3867758257025516878}
  m_Layer: 9
  m_Name: CATRThumb1
  m_TagString: Untagged
  m_Icon: {fileID: 0}
  m_NavMeshLayer: 0
  m_StaticEditorFlags: 0
  m_IsActive: 1
--- !u!4 &3867758257025516878
Transform:
  m_ObjectHideFlags: 0
  m_CorrespondingSourceObject: {fileID: 0}
  m_PrefabInstance: {fileID: 0}
  m_PrefabAsset: {fileID: 0}
  m_GameObject: {fileID: 3867758257025095980}
  m_LocalRotation: {x: -0.061205074, y: 0.46747923, z: -0.021653267, w: 0.88161683}
  m_LocalPosition: {x: -0.047959633, y: 0.007909278, z: 0.065875545}
  m_LocalScale: {x: 1.0000001, y: 0.99999994, z: 0.9999999}
  m_Children:
  - {fileID: 3867758257025516912}
  m_Father: {fileID: 3867758257025516874}
  m_RootOrder: 1
  m_LocalEulerAnglesHint: {x: 0, y: 0, z: 0}
--- !u!1 &3867758257025095982
GameObject:
  m_ObjectHideFlags: 0
  m_CorrespondingSourceObject: {fileID: 0}
  m_PrefabInstance: {fileID: 0}
  m_PrefabAsset: {fileID: 0}
  serializedVersion: 6
  m_Component:
  - component: {fileID: 3867758257025516914}
  m_Layer: 9
  m_Name: CATRFingers2
  m_TagString: Untagged
  m_Icon: {fileID: 0}
  m_NavMeshLayer: 0
  m_StaticEditorFlags: 0
  m_IsActive: 1
--- !u!4 &3867758257025516914
Transform:
  m_ObjectHideFlags: 0
  m_CorrespondingSourceObject: {fileID: 0}
  m_PrefabInstance: {fileID: 0}
  m_PrefabAsset: {fileID: 0}
  m_GameObject: {fileID: 3867758257025095982}
  m_LocalRotation: {x: -0.00000006024493, y: 0.000000023614122, z: -0.0000000074505797,
    w: 1}
  m_LocalPosition: {x: -0.061029546, y: 0, z: 0.0000000011920929}
  m_LocalScale: {x: 0.99999994, y: 0.99999994, z: 1.0000001}
  m_Children: []
  m_Father: {fileID: 3867758257025516872}
  m_RootOrder: 0
  m_LocalEulerAnglesHint: {x: 0, y: 0, z: 0}
--- !u!1 &3867758257025095984
GameObject:
  m_ObjectHideFlags: 0
  m_CorrespondingSourceObject: {fileID: 0}
  m_PrefabInstance: {fileID: 0}
  m_PrefabAsset: {fileID: 0}
  serializedVersion: 6
  m_Component:
  - component: {fileID: 3867758257025516884}
  m_Layer: 9
  m_Name: CATLFingers1
  m_TagString: Untagged
  m_Icon: {fileID: 0}
  m_NavMeshLayer: 0
  m_StaticEditorFlags: 0
  m_IsActive: 1
--- !u!4 &3867758257025516884
Transform:
  m_ObjectHideFlags: 0
  m_CorrespondingSourceObject: {fileID: 0}
  m_PrefabInstance: {fileID: 0}
  m_PrefabAsset: {fileID: 0}
  m_GameObject: {fileID: 3867758257025095984}
  m_LocalRotation: {x: 0.000000060361344, y: -0.000000023610484, z: -0.000000009313225,
    w: 1}
  m_LocalPosition: {x: -0.07036396, y: -0.0029349518, z: 0.00019634604}
  m_LocalScale: {x: 0.99999994, y: 0.99999994, z: 1.0000001}
  m_Children:
  - {fileID: 3867758257025516888}
  m_Father: {fileID: 3867758257025516886}
  m_RootOrder: 0
  m_LocalEulerAnglesHint: {x: 0, y: 0, z: 0}
--- !u!1 &3867758257025095986
GameObject:
  m_ObjectHideFlags: 0
  m_CorrespondingSourceObject: {fileID: 0}
  m_PrefabInstance: {fileID: 0}
  m_PrefabAsset: {fileID: 0}
  serializedVersion: 6
  m_Component:
  - component: {fileID: 3867758257025516886}
  m_Layer: 9
  m_Name: CATLHand
  m_TagString: Untagged
  m_Icon: {fileID: 0}
  m_NavMeshLayer: 0
  m_StaticEditorFlags: 0
  m_IsActive: 1
--- !u!4 &3867758257025516886
Transform:
  m_ObjectHideFlags: 0
  m_CorrespondingSourceObject: {fileID: 0}
  m_PrefabInstance: {fileID: 0}
  m_PrefabAsset: {fileID: 0}
  m_GameObject: {fileID: 3867758257025095986}
  m_LocalRotation: {x: 0.70719707, y: 0.0033390727, z: -0.01825973, w: 0.70677274}
  m_LocalPosition: {x: -0.1599723, y: -5.9604643e-10, z: 0}
  m_LocalScale: {x: 0.99999994, y: 1, z: 1.0000001}
  m_Children:
  - {fileID: 3867758257025516884}
  - {fileID: 3867758257025516890}
  - {fileID: 3867758257025516906}
  m_Father: {fileID: 3867758257025516880}
  m_RootOrder: 0
  m_LocalEulerAnglesHint: {x: 0, y: 0, z: 0}
--- !u!1 &3867758257025095988
GameObject:
  m_ObjectHideFlags: 0
  m_CorrespondingSourceObject: {fileID: 0}
  m_PrefabInstance: {fileID: 0}
  m_PrefabAsset: {fileID: 0}
  serializedVersion: 6
  m_Component:
  - component: {fileID: 3867758257025516890}
  m_Layer: 9
  m_Name: CATLThumb1
  m_TagString: Untagged
  m_Icon: {fileID: 0}
  m_NavMeshLayer: 0
  m_StaticEditorFlags: 0
  m_IsActive: 1
--- !u!4 &3867758257025516890
Transform:
  m_ObjectHideFlags: 0
  m_CorrespondingSourceObject: {fileID: 0}
  m_PrefabInstance: {fileID: 0}
  m_PrefabAsset: {fileID: 0}
  m_GameObject: {fileID: 3867758257025095988}
  m_LocalRotation: {x: 0.061205037, y: -0.46747833, z: -0.021653261, w: 0.8816173}
  m_LocalPosition: {x: -0.047959633, y: 0.007909278, z: -0.065875545}
  m_LocalScale: {x: 1.0000001, y: 0.99999994, z: 0.99999994}
  m_Children:
  - {fileID: 3867758257025516894}
  m_Father: {fileID: 3867758257025516886}
  m_RootOrder: 1
  m_LocalEulerAnglesHint: {x: 0, y: 0, z: 0}
--- !u!1 &3867758257025095990
GameObject:
  m_ObjectHideFlags: 0
  m_CorrespondingSourceObject: {fileID: 0}
  m_PrefabInstance: {fileID: 0}
  m_PrefabAsset: {fileID: 0}
  serializedVersion: 6
  m_Component:
  - component: {fileID: 3867758257025516888}
  m_Layer: 9
  m_Name: CATLFingers2
  m_TagString: Untagged
  m_Icon: {fileID: 0}
  m_NavMeshLayer: 0
  m_StaticEditorFlags: 0
  m_IsActive: 1
--- !u!4 &3867758257025516888
Transform:
  m_ObjectHideFlags: 0
  m_CorrespondingSourceObject: {fileID: 0}
  m_PrefabInstance: {fileID: 0}
  m_PrefabAsset: {fileID: 0}
  m_GameObject: {fileID: 3867758257025095990}
  m_LocalRotation: {x: 0.000000060361344, y: -0.000000023610484, z: -0.000000009313225,
    w: 1}
  m_LocalPosition: {x: -0.061029546, y: 0, z: -0.0000000023841857}
  m_LocalScale: {x: 0.99999994, y: 0.99999994, z: 1.0000001}
  m_Children: []
  m_Father: {fileID: 3867758257025516884}
  m_RootOrder: 0
  m_LocalEulerAnglesHint: {x: 0, y: 0, z: 0}
--- !u!1 &3867758257025095992
GameObject:
  m_ObjectHideFlags: 0
  m_CorrespondingSourceObject: {fileID: 0}
  m_PrefabInstance: {fileID: 0}
  m_PrefabAsset: {fileID: 0}
  serializedVersion: 6
  m_Component:
  - component: {fileID: 3867758257025516846}
  m_Layer: 9
  m_Name: CATNeck
  m_TagString: Untagged
  m_Icon: {fileID: 0}
  m_NavMeshLayer: 0
  m_StaticEditorFlags: 0
  m_IsActive: 1
--- !u!4 &3867758257025516846
Transform:
  m_ObjectHideFlags: 0
  m_CorrespondingSourceObject: {fileID: 0}
  m_PrefabInstance: {fileID: 0}
  m_PrefabAsset: {fileID: 0}
  m_GameObject: {fileID: 3867758257025095992}
  m_LocalRotation: {x: -7.105422e-15, y: 2.5571742e-14, z: 7.1054274e-15, w: 1}
  m_LocalPosition: {x: -0.036628302, y: 0.0000000075685875, z: 7.3047687e-16}
  m_LocalScale: {x: 1, y: 1, z: 1}
  m_Children:
  - {fileID: 3867758257025516892}
  m_Father: {fileID: 3867758257025516836}
  m_RootOrder: 2
  m_LocalEulerAnglesHint: {x: 0, y: 0, z: 0}
--- !u!1 &3867758257025095994
GameObject:
  m_ObjectHideFlags: 0
  m_CorrespondingSourceObject: {fileID: 0}
  m_PrefabInstance: {fileID: 0}
  m_PrefabAsset: {fileID: 0}
  serializedVersion: 6
  m_Component:
  - component: {fileID: 3867758257025516894}
  m_Layer: 9
  m_Name: CATLThumb2
  m_TagString: Untagged
  m_Icon: {fileID: 0}
  m_NavMeshLayer: 0
  m_StaticEditorFlags: 0
  m_IsActive: 1
--- !u!4 &3867758257025516894
Transform:
  m_ObjectHideFlags: 0
  m_CorrespondingSourceObject: {fileID: 0}
  m_PrefabInstance: {fileID: 0}
  m_PrefabAsset: {fileID: 0}
  m_GameObject: {fileID: 3867758257025095994}
  m_LocalRotation: {x: -0.015659818, y: 0.1293917, z: -0.0070436792, w: 0.9914449}
  m_LocalPosition: {x: -0.03703455, y: -0.000000038146972, z: 0.000000038146972}
  m_LocalScale: {x: 1.0000001, y: 1, z: 1}
  m_Children: []
  m_Father: {fileID: 3867758257025516890}
  m_RootOrder: 0
  m_LocalEulerAnglesHint: {x: 0, y: 0, z: 0}
--- !u!1 &3867758257025095996
GameObject:
  m_ObjectHideFlags: 0
  m_CorrespondingSourceObject: {fileID: 0}
  m_PrefabInstance: {fileID: 0}
  m_PrefabAsset: {fileID: 0}
  serializedVersion: 6
  m_Component:
  - component: {fileID: 3867758257025516866}
  m_Layer: 9
  m_Name: Head_slot
  m_TagString: Untagged
  m_Icon: {fileID: 0}
  m_NavMeshLayer: 0
  m_StaticEditorFlags: 0
  m_IsActive: 1
--- !u!4 &3867758257025516866
Transform:
  m_ObjectHideFlags: 0
  m_CorrespondingSourceObject: {fileID: 0}
  m_PrefabInstance: {fileID: 0}
  m_PrefabAsset: {fileID: 0}
  m_GameObject: {fileID: 3867758257025095996}
  m_LocalRotation: {x: 6.8083316e-25, y: -1.7817527e-16, z: 0.000000003821143, w: 1}
  m_LocalPosition: {x: -0, y: 0.007279564, z: -0.00063627237}
  m_LocalScale: {x: 1.048375, y: 1.0483748, z: 1.0483749}
  m_Children:
  - {fileID: 3867758257025516864}
  m_Father: {fileID: 3867758257025516892}
  m_RootOrder: 0
  m_LocalEulerAnglesHint: {x: 0, y: 0, z: 0}
--- !u!1 &3867758257025095998
GameObject:
  m_ObjectHideFlags: 0
  m_CorrespondingSourceObject: {fileID: 0}
  m_PrefabInstance: {fileID: 0}
  m_PrefabAsset: {fileID: 0}
  serializedVersion: 6
  m_Component:
  - component: {fileID: 3867758257025516892}
  m_Layer: 9
  m_Name: CATHead
  m_TagString: Untagged
  m_Icon: {fileID: 0}
  m_NavMeshLayer: 0
  m_StaticEditorFlags: 0
  m_IsActive: 1
--- !u!4 &3867758257025516892
Transform:
  m_ObjectHideFlags: 0
  m_CorrespondingSourceObject: {fileID: 0}
  m_PrefabInstance: {fileID: 0}
  m_PrefabAsset: {fileID: 0}
  m_GameObject: {fileID: 3867758257025095998}
  m_LocalRotation: {x: 7.1054274e-15, y: -3.2693236e-14, z: -7.1054274e-15, w: 1}
  m_LocalPosition: {x: -0.19393471, y: 0, z: -2.7622087e-15}
  m_LocalScale: {x: 1, y: 1, z: 1}
  m_Children:
  - {fileID: 3867758257025516866}
  m_Father: {fileID: 3867758257025516846}
  m_RootOrder: 0
  m_LocalEulerAnglesHint: {x: 0, y: 0, z: 0}
--- !u!1 &3867758257025096000
GameObject:
  m_ObjectHideFlags: 0
  m_CorrespondingSourceObject: {fileID: 0}
  m_PrefabInstance: {fileID: 0}
  m_PrefabAsset: {fileID: 0}
  serializedVersion: 6
  m_Component:
  - component: {fileID: 3867758257025516906}
  m_Layer: 9
  m_Name: ShieldBow_Slot
  m_TagString: Untagged
  m_Icon: {fileID: 0}
  m_NavMeshLayer: 0
  m_StaticEditorFlags: 0
  m_IsActive: 1
--- !u!4 &3867758257025516906
Transform:
  m_ObjectHideFlags: 0
  m_CorrespondingSourceObject: {fileID: 0}
  m_PrefabInstance: {fileID: 0}
  m_PrefabAsset: {fileID: 0}
  m_GameObject: {fileID: 3867758257025096000}
  m_LocalRotation: {x: -0.000000023429013, y: 0.000000098669574, z: 0.00000006332856,
    w: 1}
  m_LocalPosition: {x: 0.0030717468, y: 0.0014691544, z: 0.0000000035762786}
  m_LocalScale: {x: 0.91178465, y: 0.9117849, z: 0.9117844}
  m_Children: []
  m_Father: {fileID: 3867758257025516886}
  m_RootOrder: 2
  m_LocalEulerAnglesHint: {x: 0, y: 0, z: 0}
--- !u!1 &3867758257025096002
GameObject:
  m_ObjectHideFlags: 0
  m_CorrespondingSourceObject: {fileID: 0}
  m_PrefabInstance: {fileID: 0}
  m_PrefabAsset: {fileID: 0}
  serializedVersion: 6
  m_Component:
  - component: {fileID: 3867758257025516898}
  m_Layer: 9
  m_Name: Particle View 001
  m_TagString: Untagged
  m_Icon: {fileID: 0}
  m_NavMeshLayer: 0
  m_StaticEditorFlags: 0
  m_IsActive: 1
--- !u!4 &3867758257025516898
Transform:
  m_ObjectHideFlags: 0
  m_CorrespondingSourceObject: {fileID: 0}
  m_PrefabInstance: {fileID: 0}
  m_PrefabAsset: {fileID: 0}
  m_GameObject: {fileID: 3867758257025096002}
  m_LocalRotation: {x: -0.7071068, y: 0, z: -0, w: 0.7071068}
  m_LocalPosition: {x: 0, y: 0, z: 0}
  m_LocalScale: {x: 1, y: 1, z: 1}
  m_Children: []
  m_Father: {fileID: 3867758257025516804}
  m_RootOrder: 8
  m_LocalEulerAnglesHint: {x: 0, y: 0, z: 0}
--- !u!1 &3867758257025096004
GameObject:
  m_ObjectHideFlags: 0
  m_CorrespondingSourceObject: {fileID: 0}
  m_PrefabInstance: {fileID: 0}
  m_PrefabAsset: {fileID: 0}
  serializedVersion: 6
  m_Component:
  - component: {fileID: 3867758257025516902}
  m_Layer: 9
  m_Name: LShoulders_slot
  m_TagString: Untagged
  m_Icon: {fileID: 0}
  m_NavMeshLayer: 0
  m_StaticEditorFlags: 0
  m_IsActive: 1
--- !u!4 &3867758257025516902
Transform:
  m_ObjectHideFlags: 0
  m_CorrespondingSourceObject: {fileID: 0}
  m_PrefabInstance: {fileID: 0}
  m_PrefabAsset: {fileID: 0}
  m_GameObject: {fileID: 3867758257025096004}
  m_LocalRotation: {x: 0.000013054674, y: 0.000000010670052, z: 0.0016304596, w: 0.9999987}
  m_LocalPosition: {x: -0.013004951, y: 0.00039706824, z: -0.00037693023}
  m_LocalScale: {x: 0.8115562, y: 0.81155664, z: 0.8115566}
  m_Children: []
  m_Father: {fileID: 3867758257025516882}
  m_RootOrder: 1
  m_LocalEulerAnglesHint: {x: 0, y: 0, z: 0}
--- !u!1 &3867758257025096006
GameObject:
  m_ObjectHideFlags: 0
  m_CorrespondingSourceObject: {fileID: 0}
  m_PrefabInstance: {fileID: 0}
  m_PrefabAsset: {fileID: 0}
  serializedVersion: 6
  m_Component:
  - component: {fileID: 3867758257025516900}
  m_Layer: 9
  m_Name: LBracers_slot
  m_TagString: Untagged
  m_Icon: {fileID: 0}
  m_NavMeshLayer: 0
  m_StaticEditorFlags: 0
  m_IsActive: 1
--- !u!4 &3867758257025516900
Transform:
  m_ObjectHideFlags: 0
  m_CorrespondingSourceObject: {fileID: 0}
  m_PrefabInstance: {fileID: 0}
  m_PrefabAsset: {fileID: 0}
  m_GameObject: {fileID: 3867758257025096006}
  m_LocalRotation: {x: -0.000000032604934, y: -0.000000039812356, z: 0.00000009290666,
    w: 1}
  m_LocalPosition: {x: -0.012128295, y: 0.0009176248, z: 0.00077121734}
  m_LocalScale: {x: 0.67839164, y: 0.67839134, z: 0.67839146}
  m_Children: []
  m_Father: {fileID: 3867758257025516880}
  m_RootOrder: 1
  m_LocalEulerAnglesHint: {x: 0, y: 0, z: 0}
--- !u!1 &3867758257025096008
GameObject:
  m_ObjectHideFlags: 0
  m_CorrespondingSourceObject: {fileID: 0}
  m_PrefabInstance: {fileID: 0}
  m_PrefabAsset: {fileID: 0}
  serializedVersion: 6
  m_Component:
  - component: {fileID: 3867758257025516904}
  m_Layer: 9
  m_Name: RShoulders_slot
  m_TagString: Untagged
  m_Icon: {fileID: 0}
  m_NavMeshLayer: 0
  m_StaticEditorFlags: 0
  m_IsActive: 1
--- !u!4 &3867758257025516904
Transform:
  m_ObjectHideFlags: 0
  m_CorrespondingSourceObject: {fileID: 0}
  m_PrefabInstance: {fileID: 0}
  m_PrefabAsset: {fileID: 0}
  m_GameObject: {fileID: 3867758257025096008}
  m_LocalRotation: {x: 0.00000008857848, y: 0.000000011188857, z: -0.000000088758384,
    w: 1}
  m_LocalPosition: {x: -0.0130035775, y: 0.00043946982, z: -0.00037696838}
  m_LocalScale: {x: 0.81155646, y: 0.81155664, z: 0.8115566}
  m_Children: []
  m_Father: {fileID: 3867758257025516870}
  m_RootOrder: 1
  m_LocalEulerAnglesHint: {x: 0, y: 0, z: 0}
--- !u!1 &3867758257025096010
GameObject:
  m_ObjectHideFlags: 0
  m_CorrespondingSourceObject: {fileID: 0}
  m_PrefabInstance: {fileID: 0}
  m_PrefabAsset: {fileID: 0}
  serializedVersion: 6
  m_Component:
  - component: {fileID: 3867758257025516910}
  m_Layer: 9
  m_Name: RBracers_slot
  m_TagString: Untagged
  m_Icon: {fileID: 0}
  m_NavMeshLayer: 0
  m_StaticEditorFlags: 0
  m_IsActive: 1
--- !u!4 &3867758257025516910
Transform:
  m_ObjectHideFlags: 0
  m_CorrespondingSourceObject: {fileID: 0}
  m_PrefabInstance: {fileID: 0}
  m_PrefabAsset: {fileID: 0}
  m_GameObject: {fileID: 3867758257025096010}
  m_LocalRotation: {x: 0.000000021107411, y: -0.000000014414815, z: -0.000000021264935,
    w: 1}
  m_LocalPosition: {x: -0.012893085, y: 0.00093141076, z: -0.0007627106}
  m_LocalScale: {x: 0.6783915, y: 0.6783913, z: 0.67839146}
  m_Children: []
  m_Father: {fileID: 3867758257025516868}
  m_RootOrder: 1
  m_LocalEulerAnglesHint: {x: 0, y: 0, z: 0}
--- !u!1 &3867758257025096012
GameObject:
  m_ObjectHideFlags: 0
  m_CorrespondingSourceObject: {fileID: 0}
  m_PrefabInstance: {fileID: 0}
  m_PrefabAsset: {fileID: 0}
  serializedVersion: 6
  m_Component:
  - component: {fileID: 3867758257025516908}
  - component: {fileID: 3867758257026319692}
  - component: {fileID: 3867758257027286924}
  m_Layer: 9
  m_Name: NPC_Tools_Axe_004
  m_TagString: Untagged
  m_Icon: {fileID: 0}
  m_NavMeshLayer: 0
  m_StaticEditorFlags: 0
  m_IsActive: 1
--- !u!4 &3867758257025516908
Transform:
  m_ObjectHideFlags: 0
  m_CorrespondingSourceObject: {fileID: 0}
  m_PrefabInstance: {fileID: 0}
  m_PrefabAsset: {fileID: 0}
  m_GameObject: {fileID: 3867758257025096012}
  m_LocalRotation: {x: 0, y: 0, z: 0, w: 1}
  m_LocalPosition: {x: 0, y: 0, z: 0}
  m_LocalScale: {x: 1, y: 1, z: 1}
  m_Children: []
  m_Father: {fileID: 3867758257025516896}
  m_RootOrder: 0
  m_LocalEulerAnglesHint: {x: 0, y: 0, z: 0}
--- !u!33 &3867758257026319692
MeshFilter:
  m_ObjectHideFlags: 0
  m_CorrespondingSourceObject: {fileID: 0}
  m_PrefabInstance: {fileID: 0}
  m_PrefabAsset: {fileID: 0}
  m_GameObject: {fileID: 3867758257025096012}
  m_Mesh: {fileID: 4300004, guid: 1b7945602ded3ec43804b120aa9ed037, type: 3}
--- !u!23 &3867758257027286924
MeshRenderer:
  m_ObjectHideFlags: 0
  m_CorrespondingSourceObject: {fileID: 0}
  m_PrefabInstance: {fileID: 0}
  m_PrefabAsset: {fileID: 0}
  m_GameObject: {fileID: 3867758257025096012}
  m_Enabled: 1
  m_CastShadows: 1
  m_ReceiveShadows: 1
  m_DynamicOccludee: 1
  m_MotionVectors: 1
  m_LightProbeUsage: 0
  m_ReflectionProbeUsage: 1
  m_RenderingLayerMask: 1
  m_RendererPriority: 0
  m_Materials:
  - {fileID: 2100000, guid: ac4dd9c2105f87e4699d893de025fa80, type: 2}
  m_StaticBatchInfo:
    firstSubMesh: 0
    subMeshCount: 0
  m_StaticBatchRoot: {fileID: 0}
  m_ProbeAnchor: {fileID: 0}
  m_LightProbeVolumeOverride: {fileID: 0}
  m_ScaleInLightmap: 1
  m_PreserveUVs: 0
  m_IgnoreNormalsForChartDetection: 0
  m_ImportantGI: 0
  m_StitchLightmapSeams: 1
  m_SelectedEditorRenderState: 3
  m_MinimumChartSize: 4
  m_AutoUVMaxDistance: 0.5
  m_AutoUVMaxAngle: 89
  m_LightmapParameters: {fileID: 0}
  m_SortingLayerID: 0
  m_SortingLayer: 0
  m_SortingOrder: 0
--- !u!1 &3867758257025096014
GameObject:
  m_ObjectHideFlags: 0
  m_CorrespondingSourceObject: {fileID: 0}
  m_PrefabInstance: {fileID: 0}
  m_PrefabAsset: {fileID: 0}
  serializedVersion: 6
  m_Component:
  - component: {fileID: 3867758257025516896}
  m_Layer: 9
  m_Name: WeaponSlotPelvis
  m_TagString: Untagged
  m_Icon: {fileID: 0}
  m_NavMeshLayer: 0
  m_StaticEditorFlags: 0
  m_IsActive: 1
--- !u!4 &3867758257025516896
Transform:
  m_ObjectHideFlags: 0
  m_CorrespondingSourceObject: {fileID: 0}
  m_PrefabInstance: {fileID: 0}
  m_PrefabAsset: {fileID: 0}
  m_GameObject: {fileID: 3867758257025096014}
  m_LocalRotation: {x: -0.101623945, y: 0.9588634, z: 0.082490325, w: -0.25189078}
  m_LocalPosition: {x: -0.07029646, y: 0.07033183, z: -0.15122548}
  m_LocalScale: {x: 0.9999999, y: 1, z: 1.0000004}
  m_Children:
  - {fileID: 3867758257025516908}
  m_Father: {fileID: 3867758257025516810}
  m_RootOrder: 3
  m_LocalEulerAnglesHint: {x: 0, y: 0, z: 0}
--- !u!1 &3867758257025096016
GameObject:
  m_ObjectHideFlags: 0
  m_CorrespondingSourceObject: {fileID: 0}
  m_PrefabInstance: {fileID: 0}
  m_PrefabAsset: {fileID: 0}
  serializedVersion: 6
  m_Component:
  - component: {fileID: 3867758257025516876}
  m_Layer: 9
  m_Name: WeaponSlot
  m_TagString: Untagged
  m_Icon: {fileID: 0}
  m_NavMeshLayer: 0
  m_StaticEditorFlags: 0
  m_IsActive: 1
--- !u!4 &3867758257025516876
Transform:
  m_ObjectHideFlags: 0
  m_CorrespondingSourceObject: {fileID: 0}
  m_PrefabInstance: {fileID: 0}
  m_PrefabAsset: {fileID: 0}
  m_GameObject: {fileID: 3867758257025096016}
  m_LocalRotation: {x: -0.7114841, y: -0.0017198545, z: -0.000392077, w: 0.7027}
  m_LocalPosition: {x: -0.04532089, y: 0.039457243, z: -0.009220155}
  m_LocalScale: {x: 0.99999994, y: 1, z: 0.9999998}
  m_Children:
  - {fileID: 3867758257025516918}
  m_Father: {fileID: 3867758257025516874}
  m_RootOrder: 2
  m_LocalEulerAnglesHint: {x: 0, y: 0, z: 0}
--- !u!1 &3867758257025096018
GameObject:
  m_ObjectHideFlags: 0
  m_CorrespondingSourceObject: {fileID: 0}
  m_PrefabInstance: {fileID: 0}
  m_PrefabAsset: {fileID: 0}
  serializedVersion: 6
  m_Component:
  - component: {fileID: 3867758257025516912}
  m_Layer: 9
  m_Name: CATRThumb2
  m_TagString: Untagged
  m_Icon: {fileID: 0}
  m_NavMeshLayer: 0
  m_StaticEditorFlags: 0
  m_IsActive: 1
--- !u!4 &3867758257025516912
Transform:
  m_ObjectHideFlags: 0
  m_CorrespondingSourceObject: {fileID: 0}
  m_PrefabInstance: {fileID: 0}
  m_PrefabAsset: {fileID: 0}
  m_GameObject: {fileID: 3867758257025096018}
  m_LocalRotation: {x: 0.015659818, y: -0.12939176, z: -0.0070436527, w: 0.9914449}
  m_LocalPosition: {x: -0.03703453, y: -0.000000076293944, z: 0.000000038146972}
  m_LocalScale: {x: 1, y: 0.99999994, z: 1}
  m_Children: []
  m_Father: {fileID: 3867758257025516878}
  m_RootOrder: 0
  m_LocalEulerAnglesHint: {x: 0, y: 0, z: 0}
--- !u!1 &3867758257025096020
GameObject:
  m_ObjectHideFlags: 0
  m_CorrespondingSourceObject: {fileID: 0}
  m_PrefabInstance: {fileID: 0}
  m_PrefabAsset: {fileID: 0}
  serializedVersion: 6
  m_Component:
  - component: {fileID: 3867758257025516916}
  m_Layer: 9
  m_Name: CATLLegPlatform
  m_TagString: Untagged
  m_Icon: {fileID: 0}
  m_NavMeshLayer: 0
  m_StaticEditorFlags: 0
  m_IsActive: 1
--- !u!4 &3867758257025516916
Transform:
  m_ObjectHideFlags: 0
  m_CorrespondingSourceObject: {fileID: 0}
  m_PrefabInstance: {fileID: 0}
  m_PrefabAsset: {fileID: 0}
  m_GameObject: {fileID: 3867758257025096020}
  m_LocalRotation: {x: 0.5, y: -0.5, z: -0.50000006, w: 0.50000006}
  m_LocalPosition: {x: -0.14133586, y: 9.86884e-15, z: -0.000000007023077}
  m_LocalScale: {x: 1, y: 1, z: 1}
  m_Children: []
  m_Father: {fileID: 3867758257025516804}
  m_RootOrder: 0
  m_LocalEulerAnglesHint: {x: 0, y: 0, z: 0}
--- !u!1 &3867758257025096022
GameObject:
  m_ObjectHideFlags: 0
  m_CorrespondingSourceObject: {fileID: 0}
  m_PrefabInstance: {fileID: 0}
  m_PrefabAsset: {fileID: 0}
  serializedVersion: 6
  m_Component:
  - component: {fileID: 3867758257025516918}
  - component: {fileID: 3867758257026319694}
  - component: {fileID: 3867758257027286926}
  m_Layer: 9
  m_Name: NPC_Tools_Axe_004
  m_TagString: Untagged
  m_Icon: {fileID: 0}
  m_NavMeshLayer: 0
  m_StaticEditorFlags: 0
  m_IsActive: 1
--- !u!4 &3867758257025516918
Transform:
  m_ObjectHideFlags: 0
  m_CorrespondingSourceObject: {fileID: 0}
  m_PrefabInstance: {fileID: 0}
  m_PrefabAsset: {fileID: 0}
  m_GameObject: {fileID: 3867758257025096022}
  m_LocalRotation: {x: 0.000000044237826, y: -0.000000042840835, z: 0.000000043713957,
    w: 1}
  m_LocalPosition: {x: -0, y: 0, z: 0}
  m_LocalScale: {x: 1, y: 1, z: 1}
  m_Children: []
  m_Father: {fileID: 3867758257025516876}
  m_RootOrder: 0
  m_LocalEulerAnglesHint: {x: 0, y: 0, z: 0}
--- !u!33 &3867758257026319694
MeshFilter:
  m_ObjectHideFlags: 0
  m_CorrespondingSourceObject: {fileID: 0}
  m_PrefabInstance: {fileID: 0}
  m_PrefabAsset: {fileID: 0}
  m_GameObject: {fileID: 3867758257025096022}
  m_Mesh: {fileID: 4300004, guid: 1b7945602ded3ec43804b120aa9ed037, type: 3}
--- !u!23 &3867758257027286926
MeshRenderer:
  m_ObjectHideFlags: 0
  m_CorrespondingSourceObject: {fileID: 0}
  m_PrefabInstance: {fileID: 0}
  m_PrefabAsset: {fileID: 0}
  m_GameObject: {fileID: 3867758257025096022}
  m_Enabled: 1
  m_CastShadows: 1
  m_ReceiveShadows: 1
  m_DynamicOccludee: 1
  m_MotionVectors: 1
  m_LightProbeUsage: 0
  m_ReflectionProbeUsage: 1
  m_RenderingLayerMask: 1
  m_RendererPriority: 0
  m_Materials:
  - {fileID: 2100000, guid: ac4dd9c2105f87e4699d893de025fa80, type: 2}
  m_StaticBatchInfo:
    firstSubMesh: 0
    subMeshCount: 0
  m_StaticBatchRoot: {fileID: 0}
  m_ProbeAnchor: {fileID: 0}
  m_LightProbeVolumeOverride: {fileID: 0}
  m_ScaleInLightmap: 1
  m_PreserveUVs: 0
  m_IgnoreNormalsForChartDetection: 0
  m_ImportantGI: 0
  m_StitchLightmapSeams: 1
  m_SelectedEditorRenderState: 3
  m_MinimumChartSize: 4
  m_AutoUVMaxDistance: 0.5
  m_AutoUVMaxAngle: 89
  m_LightmapParameters: {fileID: 0}
  m_SortingLayerID: 0
  m_SortingLayer: 0
  m_SortingOrder: 0
--- !u!1 &3867758257025096024
GameObject:
  m_ObjectHideFlags: 0
  m_CorrespondingSourceObject: {fileID: 0}
  m_PrefabInstance: {fileID: 0}
  m_PrefabAsset: {fileID: 0}
  serializedVersion: 6
  m_Component:
  - component: {fileID: 3867758257025516920}
  m_Layer: 9
  m_Name: CATRigRArmIKTarget
  m_TagString: Untagged
  m_Icon: {fileID: 0}
  m_NavMeshLayer: 0
  m_StaticEditorFlags: 0
  m_IsActive: 1
--- !u!4 &3867758257025516920
Transform:
  m_ObjectHideFlags: 0
  m_CorrespondingSourceObject: {fileID: 0}
  m_PrefabInstance: {fileID: 0}
  m_PrefabAsset: {fileID: 0}
  m_GameObject: {fileID: 3867758257025096024}
  m_LocalRotation: {x: 0.99978137, y: -0.020842955, z: 0.0015023802, w: -0.0007805489}
  m_LocalPosition: {x: 0.551992, y: 0.57375294, z: -0.015785594}
  m_LocalScale: {x: 0.99999994, y: 1, z: 1.0000001}
  m_Children: []
  m_Father: {fileID: 3867758257025516804}
  m_RootOrder: 3
  m_LocalEulerAnglesHint: {x: 0, y: 0, z: 0}
--- !u!1 &3867758257025096026
GameObject:
  m_ObjectHideFlags: 0
  m_CorrespondingSourceObject: {fileID: 0}
  m_PrefabInstance: {fileID: 0}
  m_PrefabAsset: {fileID: 0}
  serializedVersion: 6
  m_Component:
  - component: {fileID: 3867758257025516922}
  m_Layer: 9
  m_Name: CATRigLArmIKTarget
  m_TagString: Untagged
  m_Icon: {fileID: 0}
  m_NavMeshLayer: 0
  m_StaticEditorFlags: 0
  m_IsActive: 1
--- !u!4 &3867758257025516922
Transform:
  m_ObjectHideFlags: 0
  m_CorrespondingSourceObject: {fileID: 0}
  m_PrefabInstance: {fileID: 0}
  m_PrefabAsset: {fileID: 0}
  m_GameObject: {fileID: 3867758257025096026}
  m_LocalRotation: {x: 0.0015025601, y: -0.0007805496, z: 0.99978137, w: -0.0208429}
  m_LocalPosition: {x: -0.5519931, y: 0.57375306, z: -0.01578549}
  m_LocalScale: {x: 0.99999994, y: 1, z: 1}
  m_Children: []
  m_Father: {fileID: 3867758257025516804}
  m_RootOrder: 2
  m_LocalEulerAnglesHint: {x: 0, y: 0, z: 0}
--- !u!1 &3867758257025096028
GameObject:
  m_ObjectHideFlags: 0
  m_CorrespondingSourceObject: {fileID: 0}
  m_PrefabInstance: {fileID: 0}
  m_PrefabAsset: {fileID: 0}
  serializedVersion: 6
  m_Component:
  - component: {fileID: 3867758257025516924}
  m_Layer: 9
  m_Name: Character001
  m_TagString: Untagged
  m_Icon: {fileID: 0}
  m_NavMeshLayer: 0
  m_StaticEditorFlags: 0
  m_IsActive: 1
--- !u!4 &3867758257025516924
Transform:
  m_ObjectHideFlags: 0
  m_CorrespondingSourceObject: {fileID: 0}
  m_PrefabInstance: {fileID: 0}
  m_PrefabAsset: {fileID: 0}
  m_GameObject: {fileID: 3867758257025096028}
  m_LocalRotation: {x: 0.5, y: -0.5, z: -0.50000006, w: 0.50000006}
  m_LocalPosition: {x: 0, y: 0, z: 0}
  m_LocalScale: {x: 1, y: 1, z: 1}
  m_Children: []
  m_Father: {fileID: 3867758257025516804}
  m_RootOrder: 5
  m_LocalEulerAnglesHint: {x: 0, y: 0, z: 0}
--- !u!1 &3867758257025096030
GameObject:
  m_ObjectHideFlags: 0
  m_CorrespondingSourceObject: {fileID: 0}
  m_PrefabInstance: {fileID: 0}
  m_PrefabAsset: {fileID: 0}
  serializedVersion: 6
  m_Component:
  - component: {fileID: 3867758257025516926}
  m_Layer: 9
  m_Name: CATRLegPlatform
  m_TagString: Untagged
  m_Icon: {fileID: 0}
  m_NavMeshLayer: 0
  m_StaticEditorFlags: 0
  m_IsActive: 1
--- !u!4 &3867758257025516926
Transform:
  m_ObjectHideFlags: 0
  m_CorrespondingSourceObject: {fileID: 0}
  m_PrefabInstance: {fileID: 0}
  m_PrefabAsset: {fileID: 0}
  m_GameObject: {fileID: 3867758257025096030}
  m_LocalRotation: {x: 0.5, y: -0.5, z: -0.50000006, w: 0.50000006}
  m_LocalPosition: {x: 0.14133586, y: -8.614065e-15, z: -0.00000003173503}
  m_LocalScale: {x: 1, y: 1, z: 1}
  m_Children: []
  m_Father: {fileID: 3867758257025516804}
  m_RootOrder: 4
  m_LocalEulerAnglesHint: {x: 0, y: 0, z: 0}
